 @book{book:matthiassen
 author = {Booch, Grady},
 title = {Object-oriented Analysis and Design with Applications (2Nd Ed.)},
 year = {1994},
 isbn = {0-8053-5340-2},
 publisher = {Benjamin-Cummings Publishing Co., Inc.},
 address = {Redwood City, CA, USA},
}


@article{Gould:1985:DUK:3166.3170,
 author = {Gould, John D. and Lewis, Clayton},
 title = {Designing for Usability:  Key Principles and What Designers Think},
 journal = {Commun. ACM},
 issue_date = {March 1985},
 volume = {28},
 number = {3},
 month = mar,
 year = {1985},
 issn = {0001-0782},
 pages = {300--311},
 numpages = {12},
 url = {http://doi.acm.org/10.1145/3166.3170},
 doi = {10.1145/3166.3170},
 acmid = {3170},
 publisher = {ACM},
 address = {New York, NY, USA},
}

@misc{beck,
  author = {Beck, Kent and Beedle, Mike and van Bennekum, Arie and Cockburn, Alistair and Cunningham, Ward and Fowler, Martin and Grenning, James and Highsmith, Jim and Hunt, Andrew and Jeffries, Ron and Kern, Jon and Marick, Brian and Martin, Robert C. and Mellor, Steve and Schwaber, Ken and Sutherland, Jeff and Thomas, Dave},
  booktitle = {Manifesto for Agile Software Development},
  description = {Manifesto for Agile Software Development},
  timestamp = {2007-12-30T11:39:05.000+0100},
  title = {Manifesto for Agile Software Development},
  url = {\url{http://www.agilemanifesto.org/}},
  year = 2001
}

@misc{wiki:sectest,
 author = "Wikipedia",
 title = "Security testing --- Wikipedia{,} The Free Encyclopedia",
 year = "2015",
 url = "\url{http://en.wikipedia.org/w/index.php?title=Security_testing&oldid=658369191}",
 note = "[Online; accessed 16-May-2015]"
}

@book{Black:2008:AST:1502397,
 author = {Black, Rex},
 title = {Advanced Software Testing - Vol. 2, 2nd Edition: Guide to the ISTQB Advanced Certification as an Advanced Test Manager (Rockynook Computing)},
 year = {2014},
 isbn = {1937538508, 978-1937538507 },
 publisher = {Rocky Nook},
}